@article{2019,
        doi = {10.1016/j.physrep.2019.03.001},
        url = {https://doi.org/10.1016%2Fj.physrep.2019.03.001},
        year = 2019,
        month = {may},
        publisher = {Elsevier {BV}},
        volume = {810},
        pages = {1--124},
        author = {Pankaj Mehta and Marin Bukov and Ching-Hao Wang and Alexandre G.R. Day and Clint Richardson and Charles K. Fisher and David J. Schwab},
        title = {A high-bias, low-variance introduction to Machine Learning for physicists}
}%

@article{2019a,
        doi = {10.1103/physrevmaterials.3.104405},
        url = {https://doi.org/10.1103%2Fphysrevmaterials.3.104405},
        year = 2019,
        month = {oct},
        publisher = {American Physical Society ({APS})},
        volume = {3},
        number = {10},
        author = {James Nelson and Stefano Sanvito},
        title = {Predicting the Curie temperature of ferromagnets using machine learning}
}%

@article{breiman2001random,
  title={Random forests},
  author={Breiman, Leo},
  journal={Machine learning},
  volume={45},
  number={1},
  pages={5--32},
  year={2001},
  publisher={Springer}
}

@article{morningstar2017deep,
  title={Deep learning the ising model near criticality},
  author={Morningstar, Alan and Melko, Roger G},
  journal={arXiv preprint arXiv:1708.04622},
  year={2017}
}


@article{onsager1944crystal,
  title={Crystal statistics. I. A two-dimensional model with an order-disorder transition},
  author={Onsager, Lars},
  journal={Physical Review},
  volume={65},
  number={3-4},
  pages={117},
  year={1944},
  publisher={APS}
}


@article{zhaodetermining,
  title={Determining the critical temperature of Ferromagnetism by using Monte Carlo Algorithm},
  author={Zhao, Xun}
}


@inproceedings{salakhutdinov2009deep,
  title={Deep boltzmann machines},
  author={Salakhutdinov, Ruslan and Hinton, Geoffrey},
  booktitle={Artificial intelligence and statistics},
  pages={448--455},
  year={2009},
  organization={PMLR}
}

@book{alpaydin2020introduction,
  title={Introduction to machine learning},
  author={Alpaydin, Ethem},
  year={2020},
  publisher={MIT press}
}
